@article{allen2012synergistic,
  title={Synergistic catalysis: a powerful synthetic strategy for new reaction development},
  author={Allen, Anna E and MacMillan, David WC},
  journal={Chemical science},
  volume={3},
  number={3},
  pages={633--658},
  year={2012},
  publisher={Royal Society of Chemistry}
}

@article{somorjai1986structure,
  title={Structure sensitivity of catalytic reactions},
  author={Somorjai, Gabor A and Carrazza, Jose},
  journal={Industrial \& engineering chemistry fundamentals},
  volume={25},
  number={1},
  pages={63--69},
  year={1986},
  publisher={ACS Publications}
}

@article{trost1991atom,
  title={The atom economy—a search for synthetic efficiency},
  author={Trost, Barry M},
  journal={Science},
  volume={254},
  number={5037},
  pages={1471--1477},
  year={1991},
  publisher={American Association for the Advancement of Science}
} 

@article{zhang2019one,
  title={One-pot Organic Reactions},
  author={Zhang, Wei},
  journal={Green Synthetic Processes and Procedures; Ballini, R., Ed.; RSC: Cambridge, UK},
  pages={20--38},
  year={2019}
}

@article{anderson1984fischer,
  title={Fischer-Tropsch Synthesis},
  author={Anderson, Robert Bernard},
  year={1984}
}

@article{fortsch2015product,
  title={The product distribution in Fischer--Tropsch synthesis: An extension of the ASF model to describe common deviations},
  author={F{\"o}rtsch, Dieter and Pabst, Kyra and Gro{\ss}-Hardt, Edwin},
  journal={Chemical Engineering Science},
  volume={138},
  pages={333--346},
  year={2015},
  publisher={Elsevier}
}

@article{wu2013asymmetric,
  title={Asymmetric relay catalysis reaction consisting of metal complex and chiral phosphoric acids},
  author={Wu, Xiang and Li, Mingli and Gong, Liuzhu},
  journal={Acta Chimica Sinica},
  volume={71},
  number={08},
  pages={1091},
  year={2013}
}

@article{csekei2008development,
  title={Development of a one-pot sequential Sonogashira coupling for the synthesis of benzofurans},
  author={Cs{\'e}kei, M{\'a}rton and Nov{\'a}k, Zolt{\'a}n and Kotschy, Andr{\'a}s},
  journal={Tetrahedron},
  volume={64},
  number={37},
  pages={8992--8996},
  year={2008},
  publisher={Elsevier}
}

@article{webb2010continuous,
  title={Continuous flow multi-step organic synthesis},
  author={Webb, Damien and Jamison, Timothy F},
  journal={Chemical Science},
  volume={1},
  number={6},
  pages={675--680},
  year={2010},
  publisher={Royal Society of Chemistry}
}

@article{felpin2008heterogeneous,
  title={Heterogeneous multifunctional catalysts for tandem processes: an approach toward sustainability},
  author={Felpin, Fran{\c{c}}ois-Xavier and Fouquet, Eric},
  journal={ChemSusChem: Chemistry \& Sustainability Energy \& Materials},
  volume={1},
  number={8-9},
  pages={718--724},
  year={2008},
  publisher={Wiley Online Library}
}

@article{segler2017modelling,
  title={Modelling chemical reasoning to predict and invent reactions},
  author={Segler, Marwin HS and Waller, Mark P},
  journal={Chemistry--A European Journal},
  volume={23},
  number={25},
  pages={6118--6128},
  year={2017},
  publisher={Wiley Online Library}
}

@article{fensel2020introduction,
  title={Introduction: what is a knowledge graph?},
  author={Fensel, Dieter and {\c{S}}im{\c{s}}ek, Umutcan and Angele, Kevin and Huaman, Elwin and K{\"a}rle, Elias and Panasiuk, Oleksandra and Toma, Ioan and Umbrich, J{\"u}rgen and Wahler, Alexander and Fensel, Dieter and others},
  journal={Knowledge graphs: Methodology, tools and selected use cases},
  pages={1--10},
  year={2020},
  publisher={Springer}
}

@article{yu2017knowledge,
  title={Knowledge graph for TCM health preservation: Design, construction, and applications},
  author={Yu, Tong and Li, Jinghua and Yu, Qi and Tian, Ye and Shun, Xiaofeng and Xu, Lili and Zhu, Ling and Gao, Hongjie},
  journal={Artificial intelligence in medicine},
  volume={77},
  pages={48--52},
  year={2017},
  publisher={Elsevier}
}

@software{SogouKG,
  author = {{ZhiLiFang}},
  title = {SogouKG},
  url = {http://baike.sogou.com/v66616234.htm},
  version = {2012Q4},
  date = {2012-11-22},
}

@article{zhu2017intelligent,
  title={Intelligent learning for knowledge graph towards geological data},
  author={Zhu, Yueqin and Zhou, Wenwen and Xu, Yang and Liu, Ji and Tan, Yongjie and others},
  journal={Scientific Programming},
  volume={2017},
  year={2017},
  publisher={Hindawi}
}

@article{he2021optimizing,
  title={Optimizing automatic question answering system based on disease knowledge graph},
  author={He, Li and Jiayu, Liu and Shiyu, Li and Di, Wu and Shuaiqi, Jin},
  journal={Data Analysis and Knowledge Discovery},
  volume={5},
  number={5},
  pages={115--126},
  year={2021}
}

@software{Jena,
  author = {{Apache Jena}},
  title = {Jena},
  url = {https://jena.apache.org/documentation/geosparql/index},
  version = {2022Q1},
  date = {2022-03-01},
}

@software{Virtuoso,
  author = {{Eclipse}},
  title = {Virtuoso},
  url = {https://sourceforge.net/projects/virtuoso/},
  version = {2006Q1},
  date = {2006-03-03},
}

@inproceedings{krotzsch2017ontologies,
  title={Ontologies for knowledge graphs?},
  author={Kr{\"o}tzsch, Markus},
  booktitle={Description Logics},
  year={2017}
}

@inproceedings{dai2019distantly,
  title={Distantly supervised biomedical knowledge acquisition via knowledge graph based attention},
  author={Dai, Qin and Inoue, Naoya and Reisert, Paul and Takahashi, Ryo and Inui, Kentaro},
  booktitle={Proceedings of the Workshop on Extracting Structured Knowledge from Scientific Publications},
  pages={1--10},
  year={2019}
}

@inproceedings{muhammad2020open,
  title={Open information extraction for knowledge graph construction},
  author={Muhammad, Iqra and Kearney, Anna and Gamble, Carrol and Coenen, Frans and Williamson, Paula},
  booktitle={Database and Expert Systems Applications: DEXA 2020 International Workshops BIOKDD, IWCFS and MLKgraphs, Bratislava, Slovakia, September 14--17, 2020, Proceedings 31},
  pages={103--113},
  year={2020},
  organization={Springer}
}

@article{al2020named,
  title={Named entity extraction for knowledge graphs: A literature overview},
  author={Al-Moslmi, Tareq and Oca{\~n}a, Marc Gallofr{\'e} and Opdahl, Andreas L and Veres, Csaba},
  journal={IEEE Access},
  volume={8},
  pages={32862--32881},
  year={2020},
  publisher={IEEE}
}

@article{yu2020relationship,
  title={A relationship extraction method for domain knowledge graph construction},
  author={Yu, Haoze and Li, Haisheng and Mao, Dianhui and Cai, Qiang},
  journal={World Wide Web},
  volume={23},
  pages={735--753},
  year={2020},
  publisher={Springer}
}

@inproceedings{flynn2007automated,
  title={Automated template-based metadata extraction architecture},
  author={Flynn, Paul and Zhou, Li and Maly, Kurt and Zeil, Steven and Zubair, Mohammad},
  booktitle={Asian Digital Libraries. Looking Back 10 Years and Forging New Frontiers: 10th International Conference on Asian Digital Libraries, ICADL 2007, Hanoi, Vietnam, December 10-13, 2007. Proceedings 10},
  pages={327--336},
  year={2007},
  organization={Springer}
}

@inproceedings{romano2006investigating,
  title={Investigating a generic paraphrase-based approach for relation extraction},
  author={Romano, Lorenza and Kouylekov, Milen Ognianov and Szpektor, Idan and Dagan, Ido Kalman and Lavelli, Alberto},
  booktitle={11th Conference of the European Chapter of the Association for Computational Linguistics (EACL 2006)},
  pages={409--416},
  year={2006}
}

@article{onishi2018relation,
  title={Relation extraction with weakly supervised learning based on process-structure-property-performance reciprocity},
  author={Onishi, Takeshi and Kadohira, Takuya and Watanabe, Ikumu},
  journal={Science and technology of advanced materials},
  volume={19},
  number={1},
  pages={649--659},
  year={2018},
  publisher={Taylor \& Francis}
}

@article{timoshenko2017supervised,
  title={Supervised machine-learning-based determination of three-dimensional structure of metallic nanoparticles},
  author={Timoshenko, Janis and Lu, Deyu and Lin, Yuewei and Frenkel, Anatoly I},
  journal={The journal of physical chemistry letters},
  volume={8},
  number={20},
  pages={5091--5098},
  year={2017},
  publisher={ACS Publications}
}

@article{subhashini2011survey,
  title={A survey on ontology construction methodologies},
  author={Subhashini, Rajagopalan and Akilandeswari, J},
  journal={International Journal of Enterprise Computing and Business Systems},
  volume={1},
  number={1},
  pages={60--72},
  year={2011},
  publisher={Citeseer}
}

@article{turner1999conceptual,
  title={A conceptual basis for feature engineering},
  author={Turner, C Reid and Fuggetta, Alfonso and Lavazza, Luigi and Wolf, Alexander L},
  journal={Journal of Systems and Software},
  volume={49},
  number={1},
  pages={3--15},
  year={1999},
  publisher={Elsevier}
}

@article{ciaburro2021machine,
  title={Machine learning-based algorithms to knowledge extraction from time series data: A review},
  author={Ciaburro, Giuseppe and Iannace, Gino},
  journal={Data},
  volume={6},
  number={6},
  pages={55},
  year={2021},
  publisher={MDPI}
}

@article{alfred2014malay,
  title={Malay named entity recognition based on rule-based approach},
  author={Alfred, Rayner and Leong, Leow Chin and On, Chin Kim and Anthony, Patricia},
  year={2014},
  publisher={IACSIT Press}
}

@inproceedings{abujabal2017automated,
  title={Automated template generation for question answering over knowledge graphs},
  author={Abujabal, Abdalghani and Yahya, Mohamed and Riedewald, Mirek and Weikum, Gerhard},
  booktitle={Proceedings of the 26th international conference on world wide web},
  pages={1191--1200},
  year={2017}
}

@inproceedings{saha2018complex,
  title={Complex sequential question answering: Towards learning to converse over linked question answer pairs with a knowledge graph},
  author={Saha, Amrita and Pahuja, Vardaan and Khapra, Mitesh and Sankaranarayanan, Karthik and Chandar, Sarath},
  booktitle={Proceedings of the AAAI conference on artificial intelligence},
  volume={32},
  number={1},
  year={2018}
}

@article{li2020real,
  title={Real-world data medical knowledge graph: construction and applications},
  author={Li, Linfeng and Wang, Peng and Yan, Jun and Wang, Yao and Li, Simin and Jiang, Jinpeng and Sun, Zhe and Tang, Buzhou and Chang, Tsung-Hui and Wang, Shenghui and others},
  journal={Artificial intelligence in medicine},
  volume={103},
  pages={101817},
  year={2020},
  publisher={Elsevier}
}

@inproceedings{elhammadi2020high,
  title={A high precision pipeline for financial knowledge graph construction},
  author={Elhammadi, Sarah and Lakshmanan, Laks VS and Ng, Raymond and Simpson, Michael and Huai, Baoxing and Wang, Zhefeng and Wang, Lanjun},
  booktitle={Proceedings of the 28th international conference on computational linguistics},
  pages={967--977},
  year={2020}
}

@article{hao2021construction,
  title={Construction and application of a knowledge graph},
  author={Hao, Xuejie and Ji, Zheng and Li, Xiuhong and Yin, Lizeyan and Liu, Lu and Sun, Meiying and Liu, Qiang and Yang, Rongjin},
  journal={Remote Sensing},
  volume={13},
  number={13},
  pages={2511},
  year={2021},
  publisher={MDPI}
}

@article{gao2023revisiting,
  title={Revisiting Electrocatalyst Design by a Knowledge Graph of Cu-Based Catalysts for CO2 Reduction},
  author={Gao, Yang and Wang, Ludi and Chen, Xueqing and Du, Yi and Wang, Bin},
  journal={ACS Catalysis},
  volume={13},
  pages={8525--8534},
  year={2023},
  publisher={ACS Publications}
}

@article{ehrlinger2016towards,
  title={Towards a definition of knowledge graphs.},
  author={Ehrlinger, Lisa and W{\"o}{\ss}, Wolfram},
  journal={SEMANTiCS (Posters, Demos, SuCCESS)},
  volume={48},
  number={1-4},
  pages={2},
  year={2016}
}

@book{akerkar2009knowledge,
  title={Knowledge-based systems},
  author={Akerkar, Rajendra and Sajja, Priti},
  year={2009},
  publisher={Jones \& Bartlett Publishers}
}

@inproceedings{li2020alimekg,
  title={AliMeKG: Domain knowledge graph construction and application in e-commerce},
  author={Li, Feng-Lin and Chen, Hehong and Xu, Guohai and Qiu, Tian and Ji, Feng and Zhang, Ji and Chen, Haiqing},
  booktitle={Proceedings of the 29th ACM International Conference on Information \& Knowledge Management},
  pages={2581--2588},
  year={2020}
}

@software{TencentKG,
  author = {{Tencent}},
  title = {TencentKG},
  url = {https://cloud.tencent.com/product/tkg},
  version = {2022Q1},
  year = {2022},
  date = {2022-04-03},
}

@article{mrdjenovich2020propnet,
  title={Propnet: a knowledge graph for materials science},
  author={Mrdjenovich, David and Horton, Matthew K and Montoya, Joseph H and Legaspi, Christian M and Dwaraknath, Shyam and Tshitoyan, Vahe and Jain, Anubhav and Persson, Kristin A},
  journal={Matter},
  volume={2},
  number={2},
  pages={464--480},
  year={2020},
  publisher={Elsevier}
}

@inproceedings{mccusker2020nanomine,
  title={NanoMine: A knowledge graph for nanocomposite materials science},
  author={McCusker, Jamie P and Keshan, Neha and Rashid, Sabbir and Deagen, Michael and Brinson, Cate and McGuinness, Deborah L},
  booktitle={International Semantic Web Conference},
  pages={144--159},
  year={2020},
  organization={Springer}
}

@inproceedings{zhao2021knowledge,
  title={Knowledge graph-empowered materials discovery},
  author={Zhao, Xintong and Greenberg, Jane and McClellan, Scott and Hu, Yong-Jie and Lopez, Steven and Saikin, Semion K and Hu, Xiaohua and An, Yuan},
  booktitle={2021 IEEE International Conference on Big Data (Big Data)},
  pages={4628--4632},
  year={2021},
  organization={IEEE}
}

@article{wang2020recent,
  title={Recent progress in asymmetric relay catalysis of metal complex with chiral phosphoric acid},
  author={Wang, Pu-Sheng and Chen, Dian-Feng and Gong, Liu-Zhu},
  journal={Asymmetric Organocatalysis Combined with Metal Catalysis},
  pages={185--205},
  year={2020},
  publisher={Springer}
}

@article{xiang2013asymmetric,
  title={Asymmetric relay catalysis reaction consisting of metal complex and chiral phosphoric acids},
  author={Xiang, Wu and Mingli, Li and Liuzhu, Gong},
  journal={Acta Chimica Sinica},
  volume={71},
  number={8},
  pages={1091--1100},
  year={2013},
  publisher={SCIENCE PRESS 16 DONGHUANGCHENGGEN NORTH ST, BEIJING 100717, PEOPLES R CHINA}
}

@article{kearnes2021open,
  title={The open reaction database},
  author={Kearnes, Steven M and Maser, Michael R and Wleklinski, Michael and Kast, Anton and Doyle, Abigail G and Dreher, Spencer D and Hawkins, Joel M and Jensen, Klavs F and Coley, Connor W},
  journal={Journal of the American Chemical Society},
  volume={143},
  number={45},
  pages={18820--18826},
  year={2021},
  publisher={ACS Publications}
}

@article{alcantara2012rhea,
  title={Rhea—a manually curated resource of biochemical reactions},
  author={Alc{\'a}ntara, Rafael and Axelsen, Kristian B and Morgat, Anne and Belda, Eugeni and Coudert, Elisabeth and Bridge, Alan and Cao, Hong and De Matos, Paula and Ennis, Marcus and Turner, Steve and others},
  journal={Nucleic acids research},
  volume={40},
  number={D1},
  pages={D754--D760},
  year={2012},
  publisher={Oxford University Press}
}

@article{anastas2010green,
  title={Green chemistry: principles and practice},
  author={Anastas, Paul and Eghbali, Nicolas},
  journal={Chemical Society Reviews},
  volume={39},
  number={1},
  pages={301--312},
  year={2010},
  publisher={Royal Society of Chemistry}
}

@article{kang2020single,
  title={Single-pass transformation of syngas into ethanol with high selectivity by triple tandem catalysis},
  author={Kang, Jincan and He, Shun and Zhou, Wei and Shen, Zheng and Li, Yangyang and Chen, Mingshu and Zhang, Qinghong and Wang, Ye},
  journal={Nature communications},
  volume={11},
  number={1},
  pages={1--11},
  year={2020},
  publisher={Nature Publishing Group}
}

@phdthesis{lowe2012extraction,
  title={Extraction of chemical structures and reactions from the literature},
  author={Lowe, Daniel Mark},
  year={2012},
  school={University of Cambridge}
}

@software{pistachio,
  author = {{NextMove Software}},
  title = {Pistachio},
  url = {https://www.nextmovesoftware.com/pistachio.html},
  version = {2022Q1},
  date = {2022-04-03},
}

@software{Reaxys,
  author = {{Elsevier}},
  title = {Reaxys},
  url = {https://www.nextmovesoftware.com/pistachio.html},
  version = {2022Q1},
  date = {2022-04-03},
}

@article{gabrielson2018scifinder,
  title={SciFinder},
  author={Gabrielson, Stephen Walter},
  journal={Journal of the Medical Library Association: JMLA},
  volume={106},
  number={4},
  pages={588},
  year={2018},
  publisher={Medical Library Association}
}

@book{winston1992artificial,
  title={Artificial intelligence},
  author={Winston, Patrick Henry},
  year={1992},
  publisher={Addison-Wesley Longman Publishing Co., Inc.}
}

@inproceedings{auer2018towards,
  title={Towards a knowledge graph for science},
  author={Auer, S{\"o}ren and Kovtun, Viktor and Prinz, Manuel and Kasprzik, Anna and Stocker, Markus and Vidal, Maria Esther},
  booktitle={Proceedings of the 8th International Conference on Web Intelligence, Mining and Semantics},
  pages={1--6},
  year={2018}
}

@incollection{auer2007dbpedia,
  title={Dbpedia: A nucleus for a web of open data},
  author={Auer, S{\"o}ren and Bizer, Christian and Kobilarov, Georgi and Lehmann, Jens and Cyganiak, Richard and Ives, Zachary},
  booktitle={The semantic web},
  pages={722--735},
  year={2007},
  publisher={Springer}
}

@inproceedings{bollacker2008freebase,
  title={Freebase: a collaboratively created graph database for structuring human knowledge},
  author={Bollacker, Kurt and Evans, Colin and Paritosh, Praveen and Sturge, Tim and Taylor, Jamie},
  booktitle={Proceedings of the 2008 ACM SIGMOD international conference on Management of data},
  pages={1247--1250},
  year={2008}
}

@inproceedings{vrandevcic2012wikidata,
  title={Wikidata: A new platform for collaborative data collection},
  author={Vrande{\v{c}}i{\'c}, Denny},
  booktitle={Proceedings of the 21st international conference on world wide web},
  pages={1063--1064},
  year={2012}
}

@inproceedings{rebele2016yago,
  title={YAGO: A multilingual knowledge base from wikipedia, wordnet, and geonames},
  author={Rebele, Thomas and Suchanek, Fabian and Hoffart, Johannes and Biega, Joanna and Kuzey, Erdal and Weikum, Gerhard},
  booktitle={International semantic web conference},
  pages={177--185},
  year={2016},
  organization={Springer}
}

@article{cole2020design,
  title={A design-to-device pipeline for data-driven materials discovery},
  author={Cole, Jacqueline M},
  journal={Accounts of Chemical Research},
  volume={53},
  number={3},
  pages={599--610},
  year={2020},
  publisher={ACS Publications}
}

@article{gutierrez2021knowledge,
  title={Knowledge graphs},
  author={Gutierrez, Claudio and Sequeda, Juan F},
  journal={Communications of the ACM},
  volume={64},
  number={3},
  pages={96--104},
  year={2021},
  publisher={ACM New York, NY, USA}
}

@article{eibeck2019j,
  title={J-Park Simulator: An ontology-based platform for cross-domain scenarios in process industry},
  author={Eibeck, Andreas and Lim, Mei Qi and Kraft, Markus},
  journal={Computers \& Chemical Engineering},
  volume={131},
  pages={106586},
  year={2019},
  publisher={Elsevier}
}

@article{fine1998hierarchical,
  title={The hierarchical hidden Markov model: Analysis and applications},
  author={Fine, Shai and Singer, Yoram and Tishby, Naftali},
  journal={Machine learning},
  volume={32},
  number={1},
  pages={41--62},
  year={1998},
  publisher={Springer}
}

@article{cook2004conditional,
  title={A conditional Markov model for clustered progressive multistate processes under incomplete observation},
  author={Cook, Richard J and Yi, Grace Y and Lee, Ker-Ai and Gladman, Dafna D},
  journal={Biometrics},
  volume={60},
  number={2},
  pages={436--443},
  year={2004},
  publisher={Wiley Online Library}
}

@inproceedings{ratnaparkhi1996maximum,
  title={A maximum entropy model for part-of-speech tagging},
  author={Ratnaparkhi, Adwait},
  booktitle={Conference on empirical methods in natural language processing},
  year={1996}
}

@article{wallach2004conditional,
  title={Conditional random fields: An introduction},
  author={Wallach, Hanna M},
  journal={Technical Reports (CIS)},
  pages={22},
  year={2004}
}

@article{o2015introduction,
  title={An introduction to convolutional neural networks},
  author={O'Shea, Keiron and Nash, Ryan},
  journal={arXiv preprint arXiv:1511.08458},
  year={2015}
}

@article{medsker2001recurrent,
  title={Recurrent neural networks},
  author={Medsker, Larry R and Jain, LC},
  journal={Design and Applications},
  volume={5},
  pages={64--67},
  year={2001}
}

@inproceedings{tilk2016bidirectional,
  title={Bidirectional Recurrent Neural Network with Attention Mechanism for Punctuation Restoration.},
  author={Tilk, Ottokar and Alum{\"a}e, Tanel},
  booktitle={Interspeech},
  pages={3047--3051},
  year={2016}
}

@article{swain2016chemdataextractor,
  title={ChemDataExtractor: a toolkit for automated extraction of chemical information from the scientific literature},
  author={Swain, Matthew C and Cole, Jacqueline M},
  journal={Journal of chemical information and modeling},
  volume={56},
  number={10},
  pages={1894--1904},
  year={2016},
  publisher={ACS Publications}
}

@article{huang2018applications,
  title={Applications of support vector machine (SVM) learning in cancer genomics},
  author={Huang, Shujun and Cai, Nianguang and Pacheco, Pedro Penzuti and Narrandes, Shavira and Wang, Yang and Xu, Wayne},
  journal={Cancer genomics \& proteomics},
  volume={15},
  number={1},
  pages={41--51},
  year={2018},
  publisher={International Institute of Anticancer Research}
}

@inproceedings{frasconi2001text,
  title={Text categorization for multi-page documents: A hybrid naive Bayes HMM approach},
  author={Frasconi, Paolo and Soda, Giovanni and Vullo, Alessandro},
  booktitle={Proceedings of the 1st ACM/IEEE-CS joint conference on Digital libraries},
  pages={11--20},
  year={2001}
}

@article{zheng2017joint,
  title={Joint entity and relation extraction based on a hybrid neural network},
  author={Zheng, Suncong and Hao, Yuexing and Lu, Dongyuan and Bao, Hongyun and Xu, Jiaming and Hao, Hongwei and Xu, Bo},
  journal={Neurocomputing},
  volume={257},
  pages={59--66},
  year={2017},
  publisher={Elsevier}
}

@article{nogueira2015classifying,
  title={Classifying relations by ranking with convolutional neural networks},
  author={Nogueira dos Santos, Cicero and Xiang, Bing and Zhou, Bowen},
  journal={arXiv e-prints},
  pages={arXiv--1504},
  year={2015}
}

@article{li2018attention,
  title={An attention pooling based representation learning method for speech emotion recognition},
  author={Li, Pengcheng and Song, Yan and McLoughlin, Ian Vince and Guo, Wu and Dai, Li-Rong},
  year={2018},
  publisher={International Speech Communication Association}
}

@article{chen2018wifi,
  title={WiFi CSI based passive human activity recognition using attention based BLSTM},
  author={Chen, Zhenghua and Zhang, Le and Jiang, Chaoyang and Cao, Zhiguang and Cui, Wei},
  journal={IEEE Transactions on Mobile Computing},
  volume={18},
  number={11},
  pages={2714--2724},
  year={2018},
  publisher={IEEE}
}

@article{tenney2019bert,
  title={BERT rediscovers the classical NLP pipeline},
  author={Tenney, Ian and Das, Dipanjan and Pavlick, Ellie},
  journal={arXiv preprint arXiv:1905.05950},
  year={2019}
}

@inproceedings{selvin2017stock,
  title={Stock price prediction using LSTM, RNN and CNN-sliding window model},
  author={Selvin, Sreelekshmy and Vinayakumar, R and Gopalakrishnan, EA and Menon, Vijay Krishna and Soman, KP},
  booktitle={2017 international conference on advances in computing, communications and informatics (icacci)},
  pages={1643--1647},
  year={2017},
  organization={IEEE}
}

@article{phan2018dgcnn,
  title={Dgcnn: A convolutional neural network over large-scale labeled graphs},
  author={Phan, Anh Viet and Le Nguyen, Minh and Nguyen, Yen Lam Hoang and Bui, Lam Thu},
  journal={Neural Networks},
  volume={108},
  pages={533--543},
  year={2018},
  publisher={Elsevier}
}

@article{ji2008mixed,
  title={A mixed noise image filtering method using weighted-linking PCNNs},
  author={Ji, Luping and Yi, Zhang},
  journal={Neurocomputing},
  volume={71},
  number={13-15},
  pages={2986--3000},
  year={2008},
  publisher={Elsevier}
}

@article{wen2020new,
  title={A new reinforcement learning based learning rate scheduler for convolutional neural network in fault classification},
  author={Wen, Long and Li, Xinyu and Gao, Liang},
  journal={IEEE Transactions on Industrial Electronics},
  volume={68},
  number={12},
  pages={12890--12900},
  year={2020},
  publisher={IEEE}
}

@article{gallet2015diuretic,
  title={Diuretic versus placebo in normotensive acute pulmonary embolism with right ventricular enlargement and injury: a double-blind randomised placebo controlled study. Protocol of the DiPER study},
  author={Gallet, Romain and Meyer, Guy and Ternacle, Julien and Biendel, Caroline and Brunet, Anne and Meneveau, Nicolas and Rosario, Roger and Couturaud, Francis and Sebbane, Mustapha and Lamblin, Nicolas and others},
  journal={BMJ open},
  volume={5},
  number={5},
  pages={e007466},
  year={2015},
  publisher={British Medical Journal Publishing Group}
}

@inproceedings{agichtein2000snowball,
  title={Snowball: Extracting relations from large plain-text collections},
  author={Agichtein, Eugene and Gravano, Luis},
  booktitle={Proceedings of the fifth ACM conference on Digital libraries},
  pages={85--94},
  year={2000}
}

@article{guo2021automated,
  title={Automated chemical reaction extraction from scientific literature},
  author={Guo, Jiang and Ibanez-Lopez, A Santiago and Gao, Hanyu and Quach, Victor and Coley, Connor W and Jensen, Klavs F and Barzilay, Regina},
  journal={Journal of Chemical Information and Modeling},
  volume={62},
  number={9},
  pages={2035--2045},
  year={2021},
  publisher={ACS Publications}
}

@article{wang2022automated,
  title={Automated pipeline for superalloy data by text mining},
  author={Wang, Weiren and Jiang, Xue and Tian, Shaohan and Liu, Pei and Dang, Depeng and Su, Yanjing and Lookman, Turab and Xie, Jianxin},
  journal={npj Computational Materials},
  volume={8},
  number={1},
  pages={1--12},
  year={2022},
  publisher={Nature Publishing Group}
}

@article{schwaller2020unsupervised,
  title={Unsupervised attention-guided atom-mapping},
  author={Schwaller, Philippe and Hoover, Benjamin and Reymond, Jean-Louis and Strobelt, Hendrik and Laino, Teodoro},
  year={2020}
}

@article{nugmanov2022bidirectional,
  title={Bidirectional Graphormer for Reactivity Understanding: neural network trained to reaction atom-to-atom mapping task},
  author={Nugmanov, Ramil and Dyubankova, Natalia and Gedich, Andrey and Wegner, Joerg Kurt},
  journal={Journal of Chemical Information and Modeling},
  volume={62},
  number={14},
  pages={3307--3315},
  year={2022},
  publisher={ACS Publications}
}

@article{degtyarenko2007chebi,
  title={ChEBI: a database and ontology for chemical entities of biological interest},
  author={Degtyarenko, Kirill and De Matos, Paula and Ennis, Marcus and Hastings, Janna and Zbinden, Martin and McNaught, Alan and Alc{\'a}ntara, Rafael and Darsow, Michael and Guedj, Micka{\"e}l and Ashburner, Michael},
  journal={Nucleic acids research},
  volume={36},
  number={suppl\_1},
  pages={D344--D350},
  year={2007},
  publisher={Oxford University Press}
}

@article{musen2015protege,
  title={The prot{\'e}g{\'e} project: a look back and a look forward},
  author={Musen, Mark A},
  journal={AI matters},
  volume={1},
  number={4},
  pages={4--12},
  year={2015},
  publisher={ACM New York, NY, USA}
}

@article{pachl2020overview,
  title={Overview of chemical ontologies},
  author={Pachl, Christian and Frank, Nils and Breitbart, Jan and Br{\"a}se, Stefan},
  journal={arXiv preprint arXiv:2002.03842},
  year={2020}
}

@article{zeng2022toward,
  title={Toward better drug discovery with knowledge graph},
  author={Zeng, Xiangxiang and Tu, Xinqi and Liu, Yuansheng and Fu, Xiangzheng and Su, Yansen},
  journal={Current opinion in structural biology},
  volume={72},
  pages={114--126},
  year={2022},
  publisher={Elsevier}
}

@article{chai2020diagnosis,
  title={Diagnosis method of thyroid disease combining knowledge graph and deep learning},
  author={Chai, Xuqing},
  journal={IEEE Access},
  volume={8},
  pages={149787--149795},
  year={2020},
  publisher={IEEE}
}

@article{wang2021drug,
  title={Drug-drug interaction predictions via knowledge graph and text embedding: instrument validation study},
  author={Wang, Meng and Wang, Haofen and Liu, Xing and Ma, Xinyu and Wang, Beilun},
  journal={JMIR Medical Informatics},
  volume={9},
  number={6},
  pages={e28277},
  year={2021},
  publisher={JMIR Publications Toronto, Canada}
}

@article{nie2022automating,
  title={Automating materials exploration with a semantic knowledge graph for Li-ion battery cathodes},
  author={Nie, Zhiwei and Zheng, Shisheng and Liu, Yuanji and Chen, Zhefeng and Li, Shunning and Lei, Kai and Pan, Feng},
  journal={Advanced Functional Materials},
  volume={32},
  number={26},
  pages={2201437},
  year={2022},
  publisher={Wiley Online Library}
}

@article{jeong2022intelligent,
  title={Intelligent generation of optimal synthetic pathways based on knowledge graph inference and retrosynthetic predictions using reaction big data},
  author={Jeong, Joonsoo and Lee, Nagyeong and Shin, Yongbeom and Shin, Dongil},
  journal={Journal of the Taiwan Institute of Chemical Engineers},
  volume={130},
  pages={103982},
  year={2022},
  publisher={Elsevier}
}

@article{coley2019graph,
  title={A graph-convolutional neural network model for the prediction of chemical reactivity},
  author={Coley, Connor W and Jin, Wengong and Rogers, Luke and Jamison, Timothy F and Jaakkola, Tommi S and Green, William H and Barzilay, Regina and Jensen, Klavs F},
  journal={Chemical science},
  volume={10},
  number={2},
  pages={370--377},
  year={2019},
  publisher={Royal Society of Chemistry}
}

@article{chen2009no,
  title={No electron left behind: a rule-based expert system to predict chemical reactions and reaction mechanisms},
  author={Chen, Jonathan H and Baldi, Pierre},
  journal={Journal of chemical information and modeling},
  volume={49},
  number={9},
  pages={2034--2043},
  year={2009},
  publisher={ACS Publications}
}

@inproceedings{gasteiger1987new,
  title={A new treatment of chemical reactivity: Development of EROS, an expert system for reaction prediction and synthesis design},
  author={Gasteiger, Johann and Hutchings, Michael G and Christoph, Bernd and Gann, Leopold and Hiller, Christian and L{\"o}w, Peter and Marsili, Mario and Saller, Heinz and Yuki, Kazumi},
  booktitle={Organic Synthesis, Reactions and Mechanisms},
  pages={19--73},
  year={1987},
  organization={Springer}
}

@article{marcou2015expert,
  title={Expert system for predicting reaction conditions: the Michael reaction case},
  author={Marcou, Gilles and Aires de Sousa, Jo{\~a}o and Latino, Diogo ARS and de Luca, Aur{\'e}lie and Horvath, Dragos and Rietsch, V and Varnek, Alexandre},
  journal={Journal of chemical information and modeling},
  volume={55},
  number={2},
  pages={239--250},
  year={2015},
  publisher={ACS Publications}
}

@article{patel2020savi,
  title={SAVI, in silico generation of billions of easily synthesizable compounds through expert-system type rules},
  author={Patel, Hitesh and Ihlenfeldt, Wolf-Dietrich and Judson, Philip N and Moroz, Yurii S and Pevzner, Yuri and Peach, Megan L and Delann{\'e}e, Victorien and Tarasova, Nadya I and Nicklaus, Marc C},
  journal={Scientific data},
  volume={7},
  number={1},
  pages={384},
  year={2020},
  publisher={Nature Publishing Group UK London}
}

@article{nair2019data,
  title={Data-driven chemical reaction prediction and retrosynthesis},
  author={Nair, Vishnu H and Schwaller, Philippe and Laino, Teodoro},
  journal={Chimia},
  volume={73},
  number={12},
  pages={997--997},
  year={2019}
}

@book{dorwald2006side,
  title={Side reactions in Organic Synthesis: a guide to successful synthesis design},
  author={D{\"o}rwald, Florencio Zaragoza},
  year={2006},
  publisher={John Wiley \& Sons}
}

@article{corey1969computer,
  title={Computer-Assisted Design of Complex Organic Syntheses: Pathways for molecular synthesis can be devised with a computer and equipment for graphical communication.},
  author={Corey, Elias James and Wipke, W Todd},
  journal={Science},
  volume={166},
  number={3902},
  pages={178--192},
  year={1969},
  publisher={American Association for the Advancement of Science}
}

@article{salatin1980computer,
  title={Computer-assisted mechanistic evaluation of organic reactions. 1. Overview},
  author={Salatin, Timothy D and Jorgensen, William L},
  journal={The Journal of Organic Chemistry},
  volume={45},
  number={11},
  pages={2043--2051},
  year={1980},
  publisher={ACS Publications}
}

@article{satoh1995sophia,
  title={SOPHIA, a knowledge base-guided reaction prediction system-utilization of a knowledge base derived from a reaction database},
  author={Satoh, Hiroko and Funatsu, Kimito},
  journal={Journal of chemical information and computer sciences},
  volume={35},
  number={1},
  pages={34--44},
  year={1995},
  publisher={ACS Publications}
}

@article{satoh1996further,
  title={Further development of a reaction generator in the SOPHIA system for organic reaction prediction. Knowledge-guided addition of suitable atoms and/or atomic groups to product skeleton},
  author={Satoh, Hiroko and Funatsu, Kimito},
  journal={Journal of chemical information and computer sciences},
  volume={36},
  number={2},
  pages={173--184},
  year={1996},
  publisher={ACS Publications}
}

@article{segler2017neural,
  title={Neural-symbolic machine learning for retrosynthesis and reaction prediction},
  author={Segler, Marwin HS and Waller, Mark P},
  journal={Chemistry--A European Journal},
  volume={23},
  number={25},
  pages={5966--5971},
  year={2017},
  publisher={Wiley Online Library}
}

@article{struble2020current,
  title={Current and future roles of artificial intelligence in medicinal chemistry synthesis},
  author={Struble, Thomas J and Alvarez, Juan C and Brown, Scott P and Chytil, Milan and Cisar, Justin and DesJarlais, Renee L and Engkvist, Ola and Frank, Scott A and Greve, Daniel R and Griffin, Daniel J and others},
  journal={Journal of medicinal chemistry},
  volume={63},
  number={16},
  pages={8667--8682},
  year={2020},
  publisher={ACS Publications}
}

@article{blau2021chemically,
  title={A chemically consistent graph architecture for massive reaction networks applied to solid-electrolyte interphase formation},
  author={Blau, Samuel M and Patel, Hetal D and Spotte-Smith, Evan Walter Clark and Xie, Xiaowei and Dwaraknath, Shyam and Persson, Kristin A},
  journal={Chemical science},
  volume={12},
  number={13},
  pages={4931--4939},
  year={2021},
  publisher={Royal Society of Chemistry}
}

@article{kowalik2012parallel,
  title={Parallel optimization of synthetic pathways within the network of organic chemistry},
  author={Kowalik, Miko{\l}aj and Gothard, Chris M and Drews, Aaron M and Gothard, Nosheen A and Weckiewicz, Alex and Fuller, Patrick E and Grzybowski, Bartosz A and Bishop, Kyle JM},
  journal={Angewandte Chemie International Edition},
  volume={51},
  number={32},
  pages={7928--7932},
  year={2012},
  publisher={Wiley Online Library}
}

@article{ravitz2013data,
  title={Data-driven computer aided synthesis design},
  author={Ravitz, Orr},
  journal={Drug Discovery Today: Technologies},
  volume={10},
  number={3},
  pages={e443--e449},
  year={2013},
  publisher={Elsevier}
}

@article{li2022prediction,
  title={Prediction of compound synthesis accessibility based on reaction knowledge graph},
  author={Li, Baiqing and Chen, Hongming},
  journal={Molecules},
  volume={27},
  number={3},
  pages={1039},
  year={2022},
  publisher={MDPI}
}

@inproceedings{han2022gnn,
  title={Gnn-retro: Retrosynthetic planning with graph neural networks},
  author={Han, Peng and Zhao, Peilin and Lu, Chan and Huang, Junzhou and Wu, Jiaxiang and Shang, Shuo and Yao, Bin and Zhang, Xiangliang},
  booktitle={Proceedings of the AAAI Conference on Artificial Intelligence},
  volume={36},
  number={4},
  pages={4014--4021},
  year={2022}
}

@article{schwaller2018found,
  title={“Found in Translation”: predicting outcomes of complex organic chemistry reactions using neural sequence-to-sequence models},
  author={Schwaller, Philippe and Gaudin, Theophile and Lanyi, David and Bekas, Costas and Laino, Teodoro},
  journal={Chemical science},
  volume={9},
  number={28},
  pages={6091--6098},
  year={2018},
  publisher={Royal Society of Chemistry}
}

