@article{wang2020recent,
  title={Recent progress in asymmetric relay catalysis of metal complex with chiral phosphoric acid},
  author={Wang, Pu-Sheng and Chen, Dian-Feng and Gong, Liu-Zhu},
  journal={Asymmetric Organocatalysis Combined with Metal Catalysis},
  pages={185--205},
  year={2020},
  publisher={Springer}
}

@article{xiang2013asymmetric,
  title={Asymmetric relay catalysis reaction consisting of metal complex and chiral phosphoric acids},
  author={Xiang, Wu and Mingli, Li and Liuzhu, Gong},
  journal={Acta Chimica Sinica},
  volume={71},
  number={8},
  pages={1091--1100},
  year={2013},
  publisher={SCIENCE PRESS 16 DONGHUANGCHENGGEN NORTH ST, BEIJING 100717, PEOPLES R CHINA}
}

@article{anastas2010green,
  title={Green chemistry: principles and practice},
  author={Anastas, Paul and Eghbali, Nicolas},
  journal={Chemical Society Reviews},
  volume={39},
  number={1},
  pages={301--312},
  year={2010},
  publisher={Royal Society of Chemistry}
}

@article{kang2020single,
  title={Single-pass transformation of syngas into ethanol with high selectivity by triple tandem catalysis},
  author={Kang, Jincan and He, Shun and Zhou, Wei and Shen, Zheng and Li, Yangyang and Chen, Mingshu and Zhang, Qinghong and Wang, Ye},
  journal={Nature communications},
  volume={11},
  number={1},
  pages={1--11},
  year={2020},
  publisher={Nature Publishing Group}
}

@phdthesis{lowe2012extraction,
  title={Extraction of chemical structures and reactions from the literature},
  author={Lowe, Daniel Mark},
  year={2012},
  school={University of Cambridge}
}

@software{pistachio,
  author = {{NextMove Software}},
  title = {Pistachio},
  url = {https://www.nextmovesoftware.com/pistachio.html},
  version = {2022Q1},
  date = {2022-04-03},
}

@software{Reaxys,
  author = {{Elsevier}},
  title = {Reaxys},
  url = {https://www.nextmovesoftware.com/pistachio.html},
  version = {2022Q1},
  date = {2022-04-03},
}

@article{gabrielson2018scifinder,
  title={SciFinder},
  author={Gabrielson, Stephen Walter},
  journal={Journal of the Medical Library Association: JMLA},
  volume={106},
  number={4},
  pages={588},
  year={2018},
  publisher={Medical Library Association}
}

@book{winston1992artificial,
  title={Artificial intelligence},
  author={Winston, Patrick Henry},
  year={1992},
  publisher={Addison-Wesley Longman Publishing Co., Inc.}
}

@inproceedings{auer2018towards,
  title={Towards a knowledge graph for science},
  author={Auer, S{\"o}ren and Kovtun, Viktor and Prinz, Manuel and Kasprzik, Anna and Stocker, Markus and Vidal, Maria Esther},
  booktitle={Proceedings of the 8th International Conference on Web Intelligence, Mining and Semantics},
  pages={1--6},
  year={2018}
}

@incollection{auer2007dbpedia,
  title={Dbpedia: A nucleus for a web of open data},
  author={Auer, S{\"o}ren and Bizer, Christian and Kobilarov, Georgi and Lehmann, Jens and Cyganiak, Richard and Ives, Zachary},
  booktitle={The semantic web},
  pages={722--735},
  year={2007},
  publisher={Springer}
}

@inproceedings{bollacker2008freebase,
  title={Freebase: a collaboratively created graph database for structuring human knowledge},
  author={Bollacker, Kurt and Evans, Colin and Paritosh, Praveen and Sturge, Tim and Taylor, Jamie},
  booktitle={Proceedings of the 2008 ACM SIGMOD international conference on Management of data},
  pages={1247--1250},
  year={2008}
}

@inproceedings{vrandevcic2012wikidata,
  title={Wikidata: A new platform for collaborative data collection},
  author={Vrande{\v{c}}i{\'c}, Denny},
  booktitle={Proceedings of the 21st international conference on world wide web},
  pages={1063--1064},
  year={2012}
}

@inproceedings{rebele2016yago,
  title={YAGO: A multilingual knowledge base from wikipedia, wordnet, and geonames},
  author={Rebele, Thomas and Suchanek, Fabian and Hoffart, Johannes and Biega, Joanna and Kuzey, Erdal and Weikum, Gerhard},
  booktitle={International semantic web conference},
  pages={177--185},
  year={2016},
  organization={Springer}
}

@article{cole2020design,
  title={A design-to-device pipeline for data-driven materials discovery},
  author={Cole, Jacqueline M},
  journal={Accounts of Chemical Research},
  volume={53},
  number={3},
  pages={599--610},
  year={2020},
  publisher={ACS Publications}
}

@article{gutierrez2021knowledge,
  title={Knowledge graphs},
  author={Gutierrez, Claudio and Sequeda, Juan F},
  journal={Communications of the ACM},
  volume={64},
  number={3},
  pages={96--104},
  year={2021},
  publisher={ACM New York, NY, USA}
}

@article{eibeck2019j,
  title={J-Park Simulator: An ontology-based platform for cross-domain scenarios in process industry},
  author={Eibeck, Andreas and Lim, Mei Qi and Kraft, Markus},
  journal={Computers \& Chemical Engineering},
  volume={131},
  pages={106586},
  year={2019},
  publisher={Elsevier}
}

@article{fine1998hierarchical,
  title={The hierarchical hidden Markov model: Analysis and applications},
  author={Fine, Shai and Singer, Yoram and Tishby, Naftali},
  journal={Machine learning},
  volume={32},
  number={1},
  pages={41--62},
  year={1998},
  publisher={Springer}
}

@article{cook2004conditional,
  title={A conditional Markov model for clustered progressive multistate processes under incomplete observation},
  author={Cook, Richard J and Yi, Grace Y and Lee, Ker-Ai and Gladman, Dafna D},
  journal={Biometrics},
  volume={60},
  number={2},
  pages={436--443},
  year={2004},
  publisher={Wiley Online Library}
}

@inproceedings{ratnaparkhi1996maximum,
  title={A maximum entropy model for part-of-speech tagging},
  author={Ratnaparkhi, Adwait},
  booktitle={Conference on empirical methods in natural language processing},
  year={1996}
}

@article{wallach2004conditional,
  title={Conditional random fields: An introduction},
  author={Wallach, Hanna M},
  journal={Technical Reports (CIS)},
  pages={22},
  year={2004}
}

@article{o2015introduction,
  title={An introduction to convolutional neural networks},
  author={O'Shea, Keiron and Nash, Ryan},
  journal={arXiv preprint arXiv:1511.08458},
  year={2015}
}

@article{medsker2001recurrent,
  title={Recurrent neural networks},
  author={Medsker, Larry R and Jain, LC},
  journal={Design and Applications},
  volume={5},
  pages={64--67},
  year={2001}
}

@inproceedings{tilk2016bidirectional,
  title={Bidirectional Recurrent Neural Network with Attention Mechanism for Punctuation Restoration.},
  author={Tilk, Ottokar and Alum{\"a}e, Tanel},
  booktitle={Interspeech},
  pages={3047--3051},
  year={2016}
}

@article{swain2016chemdataextractor,
  title={ChemDataExtractor: a toolkit for automated extraction of chemical information from the scientific literature},
  author={Swain, Matthew C and Cole, Jacqueline M},
  journal={Journal of chemical information and modeling},
  volume={56},
  number={10},
  pages={1894--1904},
  year={2016},
  publisher={ACS Publications}
}

@article{huang2018applications,
  title={Applications of support vector machine (SVM) learning in cancer genomics},
  author={Huang, Shujun and Cai, Nianguang and Pacheco, Pedro Penzuti and Narrandes, Shavira and Wang, Yang and Xu, Wayne},
  journal={Cancer genomics \& proteomics},
  volume={15},
  number={1},
  pages={41--51},
  year={2018},
  publisher={International Institute of Anticancer Research}
}

@inproceedings{frasconi2001text,
  title={Text categorization for multi-page documents: A hybrid naive Bayes HMM approach},
  author={Frasconi, Paolo and Soda, Giovanni and Vullo, Alessandro},
  booktitle={Proceedings of the 1st ACM/IEEE-CS joint conference on Digital libraries},
  pages={11--20},
  year={2001}
}

@article{zheng2017joint,
  title={Joint entity and relation extraction based on a hybrid neural network},
  author={Zheng, Suncong and Hao, Yuexing and Lu, Dongyuan and Bao, Hongyun and Xu, Jiaming and Hao, Hongwei and Xu, Bo},
  journal={Neurocomputing},
  volume={257},
  pages={59--66},
  year={2017},
  publisher={Elsevier}
}

@article{nogueira2015classifying,
  title={Classifying relations by ranking with convolutional neural networks},
  author={Nogueira dos Santos, Cicero and Xiang, Bing and Zhou, Bowen},
  journal={arXiv e-prints},
  pages={arXiv--1504},
  year={2015}
}

@article{li2018attention,
  title={An attention pooling based representation learning method for speech emotion recognition},
  author={Li, Pengcheng and Song, Yan and McLoughlin, Ian Vince and Guo, Wu and Dai, Li-Rong},
  year={2018},
  publisher={International Speech Communication Association}
}

@article{chen2018wifi,
  title={WiFi CSI based passive human activity recognition using attention based BLSTM},
  author={Chen, Zhenghua and Zhang, Le and Jiang, Chaoyang and Cao, Zhiguang and Cui, Wei},
  journal={IEEE Transactions on Mobile Computing},
  volume={18},
  number={11},
  pages={2714--2724},
  year={2018},
  publisher={IEEE}
}

@article{tenney2019bert,
  title={BERT rediscovers the classical NLP pipeline},
  author={Tenney, Ian and Das, Dipanjan and Pavlick, Ellie},
  journal={arXiv preprint arXiv:1905.05950},
  year={2019}
}

@inproceedings{selvin2017stock,
  title={Stock price prediction using LSTM, RNN and CNN-sliding window model},
  author={Selvin, Sreelekshmy and Vinayakumar, R and Gopalakrishnan, EA and Menon, Vijay Krishna and Soman, KP},
  booktitle={2017 international conference on advances in computing, communications and informatics (icacci)},
  pages={1643--1647},
  year={2017},
  organization={IEEE}
}

@article{phan2018dgcnn,
  title={Dgcnn: A convolutional neural network over large-scale labeled graphs},
  author={Phan, Anh Viet and Le Nguyen, Minh and Nguyen, Yen Lam Hoang and Bui, Lam Thu},
  journal={Neural Networks},
  volume={108},
  pages={533--543},
  year={2018},
  publisher={Elsevier}
}

@article{ji2008mixed,
  title={A mixed noise image filtering method using weighted-linking PCNNs},
  author={Ji, Luping and Yi, Zhang},
  journal={Neurocomputing},
  volume={71},
  number={13-15},
  pages={2986--3000},
  year={2008},
  publisher={Elsevier}
}

@article{wen2020new,
  title={A new reinforcement learning based learning rate scheduler for convolutional neural network in fault classification},
  author={Wen, Long and Li, Xinyu and Gao, Liang},
  journal={IEEE Transactions on Industrial Electronics},
  volume={68},
  number={12},
  pages={12890--12900},
  year={2020},
  publisher={IEEE}
}

@article{gallet2015diuretic,
  title={Diuretic versus placebo in normotensive acute pulmonary embolism with right ventricular enlargement and injury: a double-blind randomised placebo controlled study. Protocol of the DiPER study},
  author={Gallet, Romain and Meyer, Guy and Ternacle, Julien and Biendel, Caroline and Brunet, Anne and Meneveau, Nicolas and Rosario, Roger and Couturaud, Francis and Sebbane, Mustapha and Lamblin, Nicolas and others},
  journal={BMJ open},
  volume={5},
  number={5},
  pages={e007466},
  year={2015},
  publisher={British Medical Journal Publishing Group}
}

@inproceedings{agichtein2000snowball,
  title={Snowball: Extracting relations from large plain-text collections},
  author={Agichtein, Eugene and Gravano, Luis},
  booktitle={Proceedings of the fifth ACM conference on Digital libraries},
  pages={85--94},
  year={2000}
}

@article{guo2021automated,
  title={Automated chemical reaction extraction from scientific literature},
  author={Guo, Jiang and Ibanez-Lopez, A Santiago and Gao, Hanyu and Quach, Victor and Coley, Connor W and Jensen, Klavs F and Barzilay, Regina},
  journal={Journal of Chemical Information and Modeling},
  volume={62},
  number={9},
  pages={2035--2045},
  year={2021},
  publisher={ACS Publications}
}

@article{wang2022automated,
  title={Automated pipeline for superalloy data by text mining},
  author={Wang, Weiren and Jiang, Xue and Tian, Shaohan and Liu, Pei and Dang, Depeng and Su, Yanjing and Lookman, Turab and Xie, Jianxin},
  journal={npj Computational Materials},
  volume={8},
  number={1},
  pages={1--12},
  year={2022},
  publisher={Nature Publishing Group}
}

@article{schwaller2020unsupervised,
  title={Unsupervised attention-guided atom-mapping},
  author={Schwaller, Philippe and Hoover, Benjamin and Reymond, Jean-Louis and Strobelt, Hendrik and Laino, Teodoro},
  year={2020}
}

@article{nugmanov2022bidirectional,
  title={Bidirectional Graphormer for Reactivity Understanding: neural network trained to reaction atom-to-atom mapping task},
  author={Nugmanov, Ramil and Dyubankova, Natalia and Gedich, Andrey and Wegner, Joerg Kurt},
  journal={Journal of Chemical Information and Modeling},
  volume={62},
  number={14},
  pages={3307--3315},
  year={2022},
  publisher={ACS Publications}
}

@article{degtyarenko2007chebi,
  title={ChEBI: a database and ontology for chemical entities of biological interest},
  author={Degtyarenko, Kirill and De Matos, Paula and Ennis, Marcus and Hastings, Janna and Zbinden, Martin and McNaught, Alan and Alc{\'a}ntara, Rafael and Darsow, Michael and Guedj, Micka{\"e}l and Ashburner, Michael},
  journal={Nucleic acids research},
  volume={36},
  number={suppl\_1},
  pages={D344--D350},
  year={2007},
  publisher={Oxford University Press}
}

@article{musen2015protege,
  title={The prot{\'e}g{\'e} project: a look back and a look forward},
  author={Musen, Mark A},
  journal={AI matters},
  volume={1},
  number={4},
  pages={4--12},
  year={2015},
  publisher={ACM New York, NY, USA}
}

@article{pachl2020overview,
  title={Overview of chemical ontologies},
  author={Pachl, Christian and Frank, Nils and Breitbart, Jan and Br{\"a}se, Stefan},
  journal={arXiv preprint arXiv:2002.03842},
  year={2020}
}

@book{dorwald2006side,
  title={Side reactions in Organic Synthesis: a guide to successful synthesis design},
  author={D{\"o}rwald, Florencio Zaragoza},
  year={2006},
  publisher={John Wiley \& Sons}
}

@article{corey1969computer,
  title={Computer-Assisted Design of Complex Organic Syntheses: Pathways for molecular synthesis can be devised with a computer and equipment for graphical communication.},
  author={Corey, Elias James and Wipke, W Todd},
  journal={Science},
  volume={166},
  number={3902},
  pages={178--192},
  year={1969},
  publisher={American Association for the Advancement of Science}
}

@article{salatin1980computer,
  title={Computer-assisted mechanistic evaluation of organic reactions. 1. Overview},
  author={Salatin, Timothy D and Jorgensen, William L},
  journal={The Journal of Organic Chemistry},
  volume={45},
  number={11},
  pages={2043--2051},
  year={1980},
  publisher={ACS Publications}
}

@article{satoh1995sophia,
  title={SOPHIA, a knowledge base-guided reaction prediction system-utilization of a knowledge base derived from a reaction database},
  author={Satoh, Hiroko and Funatsu, Kimito},
  journal={Journal of chemical information and computer sciences},
  volume={35},
  number={1},
  pages={34--44},
  year={1995},
  publisher={ACS Publications}
}

@article{satoh1996further,
  title={Further development of a reaction generator in the SOPHIA system for organic reaction prediction. Knowledge-guided addition of suitable atoms and/or atomic groups to product skeleton},
  author={Satoh, Hiroko and Funatsu, Kimito},
  journal={Journal of chemical information and computer sciences},
  volume={36},
  number={2},
  pages={173--184},
  year={1996},
  publisher={ACS Publications}
}

@article{segler2017neural,
  title={Neural-symbolic machine learning for retrosynthesis and reaction prediction},
  author={Segler, Marwin HS and Waller, Mark P},
  journal={Chemistry--A European Journal},
  volume={23},
  number={25},
  pages={5966--5971},
  year={2017},
  publisher={Wiley Online Library}
}

@article{struble2020current,
  title={Current and future roles of artificial intelligence in medicinal chemistry synthesis},
  author={Struble, Thomas J and Alvarez, Juan C and Brown, Scott P and Chytil, Milan and Cisar, Justin and DesJarlais, Renee L and Engkvist, Ola and Frank, Scott A and Greve, Daniel R and Griffin, Daniel J and others},
  journal={Journal of medicinal chemistry},
  volume={63},
  number={16},
  pages={8667--8682},
  year={2020},
  publisher={ACS Publications}
}

@article{blau2021chemically,
  title={A chemically consistent graph architecture for massive reaction networks applied to solid-electrolyte interphase formation},
  author={Blau, Samuel M and Patel, Hetal D and Spotte-Smith, Evan Walter Clark and Xie, Xiaowei and Dwaraknath, Shyam and Persson, Kristin A},
  journal={Chemical science},
  volume={12},
  number={13},
  pages={4931--4939},
  year={2021},
  publisher={Royal Society of Chemistry}
}

@article{kowalik2012parallel,
  title={Parallel optimization of synthetic pathways within the network of organic chemistry},
  author={Kowalik, Miko{\l}aj and Gothard, Chris M and Drews, Aaron M and Gothard, Nosheen A and Weckiewicz, Alex and Fuller, Patrick E and Grzybowski, Bartosz A and Bishop, Kyle JM},
  journal={Angewandte Chemie International Edition},
  volume={51},
  number={32},
  pages={7928--7932},
  year={2012},
  publisher={Wiley Online Library}
}

@article{ravitz2013data,
  title={Data-driven computer aided synthesis design},
  author={Ravitz, Orr},
  journal={Drug Discovery Today: Technologies},
  volume={10},
  number={3},
  pages={e443--e449},
  year={2013},
  publisher={Elsevier}
}

@article{li2022prediction,
  title={Prediction of compound synthesis accessibility based on reaction knowledge graph},
  author={Li, Baiqing and Chen, Hongming},
  journal={Molecules},
  volume={27},
  number={3},
  pages={1039},
  year={2022},
  publisher={MDPI}
}

@inproceedings{han2022gnn,
  title={Gnn-retro: Retrosynthetic planning with graph neural networks},
  author={Han, Peng and Zhao, Peilin and Lu, Chan and Huang, Junzhou and Wu, Jiaxiang and Shang, Shuo and Yao, Bin and Zhang, Xiangliang},
  booktitle={Proceedings of the AAAI Conference on Artificial Intelligence},
  volume={36},
  number={4},
  pages={4014--4021},
  year={2022}
}

@article{schwaller2018found,
  title={“Found in Translation”: predicting outcomes of complex organic chemistry reactions using neural sequence-to-sequence models},
  author={Schwaller, Philippe and Gaudin, Theophile and Lanyi, David and Bekas, Costas and Laino, Teodoro},
  journal={Chemical science},
  volume={9},
  number={28},
  pages={6091--6098},
  year={2018},
  publisher={Royal Society of Chemistry}
}